1610 2646
0 213 7 225 ,
54 154 222 212 multis
238 169 403 210 errant
416 198 435 223 ,
448 169 612 221 tamen
625 169 830 227 propter
844 168 1038 212 errores
1051 151 1162 210 mos
1176 155 1269 212 oe-'

57 224 259 280 cidendi
276 225 500 280 nonsunt
518 267 539 295 ,
556 229 920 298 quantominus
933 225 1014 293 alij
1040 265 1058 292 ,
1091 224 1261 297 qui-ab

49 295 247 350 illorum
275 297 527 351 erroribus
570 312 746 368 magna
781 313 843 350 ex
867 311 1005 365 perte
1038 294 1264 349 discesse-

49 378 188 418 tunt?
199 370 374 434 Itaque
387 383 490 419 non
503 364 655 419 debet
668 366 914 420 Lntherus
930 380 1091 434 neque
1107 364 1265 415 zwin-

0 501 1 506 ,
51 435 210 504 glium
243 472 260 498 ,
278 450 365 487 aut
389 435 655 500 Calvinum
672 441 689 504 ζ
709 436 742 486 fi
766 451 932 487 tamen
964 424 1111 486 sentit
1146 435 1262 484 cum

52 502 284 571 zwinglio
301 506 539 559 Calvinus
557 505 888 572 >interficere‚
904 504 1127 570 quamvis
1147 516 1266 551 eum

53 573 106 623 in
122 574 288 625 Coena
299 590 388 641 pto
403 574 643 644 heretico,
659 575 739 626 vel
752 573 919 642 potius
933 587 1028 639 pro
1044 569 1265 622 Diabolo

54 642 112 693 &
127 641 343 711 reprobo
360 641 561 695 habeat,
617 647 792 711 Neque
806 639 1071 708 zwinglius
1085 638 1271 690 Luthe-

54 719 416 779 rum‚quamvis
432 727 544 762 eum
575 711 727 763 etiam
756 708 1054 763 maledicum
1073 708 1121 756 &
1139 700 1272 756 blas-

55 778 294 846 phemum
315 778 703 849 judiceuNeque
717 783 957 832 Calvinus
983 774 1270 849 Melanthe-

57 862 170 899 nem
184 885 201 908 ,
217 848 445 916 quamvis
455 850 517 900 ab
535 846 701 917 ipsein
718 846 1148 899 Predestinatione
1166 841 1263 893 dis·
1360 878 1388 900 ⁴

56 912 346 968 sentientem
384 932 396 964 ε
441 921 620 987 Neque
632 918 706 969 isti
723 932 899 970 omnes
916 910 1221 967 Ofiandrum
1241 947 1265 976 ,

58 983 250 1036 licetab
264 985 280 1035 i
285 981 376 1054 pfis
391 984 444 1036 in
457 985 809 1038 Iustificatione
825 982 1201 1051 discrepantem,

57 1052 288 1121 Denique
304 1052 655 1121 nondebentij
682 1055 767 1122 qui
794 1069 946 1105 unum
963 1057 1128 1102 Deum
1167 1087 1184 1112 ,
1218 1061 1278 1098 u-

56 1135 277 1190 numque
287 1122 573 1174 Dominum
590 1124 889 1175 confitentur
906 1119 985 1186 ali')
998 1117 1123 1170 alios
1136 1116 1279 1166 dam-

56 1187 383 1251 nare,nedum
402 1191 645 1243 occidere.
679 1185 1167 1260 Alioquin‚quisquis
1180 1182 1281 1235 hoc
1297 1211 1521 1262 Manu,

0 1276 2 1327 ᾗ
55 1253 201 1308 faciet
220 1295 235 1317 ,
257 1257 297 1306 is
315 1259 449 1311 nulla
464 1273 569 1310 arte
580 1254 678 1309 effu
718 1260 786 1310 iet
807 1299 825 1323 ,
843 1259 967 1326 quin
981 1258 1170 1311 dicatur
1183 1251 1279 1306 effe
1298 1282 1390 1338 48·

0 1342 4 1385 ξ
60 1325 214 1376 malus
231 1325 311 1373 ille
324 1325 599 1396 servus‚qui
615 1340 687 1378 tar
725 1326 1025 1380 antireverti
1039 1325 1277 1376 Domino

0 1398 5 1466 ξ
59 1390 329 1448 conservos
343 1391 454 1445 suos
469 1393 710 1446 verberat.

126 1462 297 1526 Atque
314 1477 367 1514 ut
378 1461 510 1515 hane
524 1461 588 1514 de
602 1458 947 1531 persecutione
963 1456 1281 1527 Disputatio-

61 1541 175 1577 nem
194 1527 396 1580 tandem
412 1531 662 1584 absolvam
677 1570 694 1593 ,
708 1543 956 1599 exponam
974 1527 1072 1581 hoc
1091 1525 1275 1596 ipsum,

8 1610 9 1613 ¹
62 1594 199 1663 quod
214 1597 372 1651 modo
390 1599 529 1667 attigi
545 1639 563 1664 ,
578 1598 641 1650 de
673 1602 766 1651 hac
780 1597 1068 1648 ultimorum
1087 1611 1285 1661 tempo-

61 1680 171 1716 rum
201 1664 533 1734 persecutione
549 1667 896 1729 oraculum,ex
947 1682 1015 1716 uo
1029 1679 1132 1715 tota
1147 1661 1284 1727 resffi

66 1733 178 1801 quis
195 1735 374 1788 oculos
414 1736 609 1807 aperire
631 1736 768 1788 volet
785 1736 807 1803 )
824 1750 909 1801 per
936 1734 1030 1802 pici
1063 1733 1253 1800 poterit
1270 1764 1288 1780 .

157 1801 239 1852 Sic
264 1805 422 1874 igitur
433 1806 660 1875 loquitur
675 1802 919 1856 Dominus
933 1801 1111 1868 :Qod
1125 1801 1155 1851 fi
1176 1800 1286 1867 quis

15 1899 17 1903 ·
69 1868 482 1927 estfidelisservus
495 1888 646 1940 atque
667 1869 886 1940 prudens
920 1911 936 1934 ‚
980 1884 1128 1937 quem
1142 1868 1288 1918 herus
1304 1878 1528 1940 *Mamg

67 1935 343 2009 praefecerit
367 1942 454 1994 suae
469 1941 658 1997 familiae
705 1980 721 2005 ,
747 1956 801 1994 ut
817 1939 862 1989 ei
890 1939 1171 1990 alimomam
1201 1931 1290 1985 suo

71 2023 300 2074 tempore
320 2012 526 2080 prebeat
542 2049 558 2073 ,
585 2010 760 2061 beatus
776 2007 936 2060 estille
951 2007 1110 2057 servus
1140 2042 1155 2066 ,
1170 2003 1295 2055 dixit

71 2076 397 2146 Christquem
416 2095 525 2132 cum
541 2079 734 2131 venerit
757 2079 857 2144 ejus
877 2076 1027 2125 herus
1054 2070 1256 2122 offende
1273 2101 1299 2112 .-

23 2187 25 2189 ,
74 2156 140 2209 111
151 2145 315 2206 officio
328 2144 1081 2213 fungentem‚pr0fecto,inquam
1096 2139 1249 2192 vobis
1265 2177 1285 2203 ,

25 2236 27 2274 1
74 2239 191 2275 eum
205 2215 301 2267 suis
319 2215 555 2269 omnibus
573 2227 826 2282 praeponet
838 2207 1182 2264 facultatibus.
1196 2210 1300 2258 Lo-

75 2291 245 2362 quitur
268 2285 332 2338 de
361 2283 503 2337 bono
516 2283 715 2349 pastore
741 2323 758 2346 ,
787 2280 876 2351 qui
896 2292 1019 2331 oves
1052 2275 1297 2328 Doctrina

63 2357 354 2427 '‘pascitmon
368 2352 621 2405 interficit.
687 2348 859 2419 Qod
873 2349 904 2398 fi
924 2344 1079 2398 malus
1104 2343 1185 2396 ine
1202 2342 1296 2419 seg·-

72 2432 173 2485 'vus
185 2437 298 2481 cum
322 2421 586 2541 fimanimg
610 2424 847 2492 cogitans
866 2416 1041 2472 herum
1056 2408 1195 2533 sunan
1207 2408 1296 2531 {hu

614 2505 639 2559 3
1103 2496 1132 2535 a
1176 2494 1202 2534 v
1237 2493 1291 2532 u·
