1610 2646
581 92 734 147 vn.

71 175 248 239 Neque
259 166 395 222 enim
407 163 804 222 consentaneum
819 159 903 224 est,
930 175 983 214 ut
998 163 1083 234 qui
1092 161 1297 215 moniti-

74 240 256 294 onibus
270 235 436 290 nostris
453 235 798 302 obtemperare
812 230 1064 284 noluerint
1078 271 1096 296 ,
1126 247 1216 284 eos
1232 229 1299 284 ad

74 305 412 379 magistratum
426 298 915 420 deferaxmzishlnstit:
939 301 1044 370 viij.
1109 308 1141 363 5
1175 318 1270 359 171.

147 439 426 511 Qomiam
440 453 532 508 pro
559 433 774 490 confeffo
785 431 985 493 sumunt
1001 478 1018 502 ,
1060 438 1305 492 vniversa-

79 511 125 562 le
148 512 403 575 consilium
417 545 433 571 ,
446 506 560 590 ‘sse
574 521 739 559 veram
753 506 968 560 Ecclefioe
984 510 1254 577 imaginem
1269 525 1288 560 t

82 585 193 633 Hoc
239 577 481 650 principio
512 574 710 644 sumpto
750 612 769 640 ,
810 573 944 628 fimul
981 577 1168 647 absque
1203 578 1304 630 du·

84 650 171 700 bio
202 649 418 701 statuunt
445 646 550 715 regi
578 642 865 697 immediate
890 659 920 695 a
948 646 1115 714 ipiritu
1136 646 1303 700 sancto

83 712 332 781 ejusmodi
345 714 571 775 concilia,
595 711 812 780 ideoque
829 729 986 766 errare
1002 731 1106 766 non
1134 716 1292 785 posse:

86 801 200 837 cum
213 787 381 854 itaque
414 781 499 850 ipfi
519 778 822 848 (spirituales
835 785 1066 851 tyranni)
1084 784 1303 836 concilia

89 869 261 924 regant
289 855 395 906 imo
440 848 740 919 constituant
759 865 777 901 t
821 866 986 904 revera
1001 852 1090 904 fibi
1122 852 1303 904 vendi-

87 936 228 985 cant,
249 916 818 994 quicquidcontendunt
834 918 1019 971 debere
1036 921 1265 988 concilijs
1281 959 1298 974 .

91 991 248 1042 Fidem
264 991 410 1057 igitur
425 988 628 1053 nostram
649 991 732 1058 sivo
761 990 949 1038 arbitrio
956 991 1086 1054 stare
1100 995 1264 1040 volunt
1278 1031 1296 1055 ,
1326 1035 1374 1063 3,

99 1063 164 1123 (ς
178 1063 335 1108 cadere
357 1079 372 1106 .·
407 1069 460 1107 vt
478 1054 715 1126 quicquid
730 1056 816 1126 ipsi
832 1072 1092 1126 Vtramque
1122 1058 1174 1108 in
1187 1075 1296 1127 par·
1323 1107 1344 1132 ³
1357 1103 1382 1131 ‚

94 1142 200 1178 tem
235 1123 590 1178 constituerint
612 1164 631 1190 ,
652 1124 851 1177 firmum
894 1126 1070 1178 animis
1116 1128 1295 1179 nostris

96 1197 374 1264 statumque
397 1194 469 1253 sit,
483 1206 538 1245 ut
551 1189 648 1244 five
662 1194 782 1263 quid
812 1193 1137 1265 probaverint
1157 1194 1297 1264 ,ipsu

100 1260 398 1315 nobisnulla
412 1258 731 1313 dubitatione
763 1264 1000 1331 probari:
1047 1262 1160 1318 Sive
1172 1263 1295 1333 quid

102 1330 460 1383 damnaverint
485 1366 502 1390 ‚
526 1327 578 1380 id
594 1346 799 1400 quoque
829 1347 922 1398 pro
940 1334 1182 1385 damnato
1198 1333 1292 1384 esse

102 1400 563 1468 oporteat.Interim
577 1393 658 1450 sua
674 1398 1297 1471 libidine‚contemptoque

104 1469 262 1521 verbo
275 1464 579 1526 Dei‚cudunt
596 1466 857 1538 dogmata:
873 1469 1054 1538 quibus
1065 1471 1227 1538 postea
1237 1470 1296 1521 fi-

107 1534 223 1588 dem
254 1536 343 1587 hac
358 1533 554 1584 ratione
572 1534 745 1588 haberi
761 1538 1013 1601 postulant.
1036 1541 1141 1591 Nec
1156 1540 1288 1590 enim

107 1604 443 1656 Christianum
458 1599 579 1665 effe,
596 1602 679 1654 nisi
691 1605 776 1671 qui
789 1605 840 1656 in
857 1607 1029 1658 omnia
1051 1606 1132 1658 sua
1163 1606 1291 1675 dog-

111 1688 262 1735 mata,
277 1687 377 1723 tam
397 1670 700 1735 affirmativa,
712 1689 863 1743 quam
881 1677 1112 1747 negativa
1126 1691 1290 1735 ,certo

112 1740 444 1801 consentiat-fi
458 1756 562 1792 non
579 1742 803 1810 explicita
820 1742 937 1812 fide,
952 1744 1293 1812 tamenimpli-
1340 1765 1537 1830 ems-ff

115 1811 215 1862 cita
232 1847 249 1871 ,
270 1810 382 1876 quia
395 1823 545 1875 penes
574 1810 839 1864 Ecclesiam
859 1812 932 1870 sit,
948 1818 1128 1864 condere
1158 1830 1296 1865 novos
1316 1835 1532 1883 athech,

97 1880 218 1950 fidei
230 1880 466 1929 articulos.
509 1878 774 1947 Instit.v1ij.
795 1883 912 1952 146.

183 2012 281 2066 Sed
298 2014 397 2067 hoe
415 2028 613 2084 quoque
643 2031 704 2069 ex
729 1988 940 2068 idverso
962 2033 1113 2087 opere
1139 2024 1300 2088 preti..

123 2101 209 2137 um
243 2080 311 2134 est
330 2081 494 2141 videre
511 2120 528 2146 ‚
600 2085 675 2136 uis
706 2082 854 2137 suerit
881 2087 995 2138 olim
1024 2103 1164 2139 verus
1190 2090 1299 2144 vsus

120 2151 450 2221 Ecclesiasticq
462 2151 559 2204 Iuri
617 2154 811 2206 idionis
826 2194 842 2218 ‚
855 2155 909 2206 &
924 2171 1018 2225 qua
1031 2171 1143 2210 ntus
1167 2158 1295 2210 abu-

122 2220 203 2273 sus
216 2215 517 2287 obrepserit,
544 2218 835 2284 utsciamuS,
862 2229 979 2292 quid
997 2225 1292 2296 abrogandt'i

126 2288 261 2354 sm&
275 2289 389 2358 quid
406 2304 464 2340 ex
477 2290 768 2360 antiquitate
793 2292 1190 2359 restituendum,fi
1204 2315 1297 2350 vo-

128 2360 296 2416 lumus
307 2353 477 2412 everso
487 2373 645 2431 regno
669 2360 976 2427 Antichristi,
989 2364 1110 2417 veru
1124 2362 1298 2418 Chris-
